@manual{PHYWE,
  author = {PHYWE},
  title = {Narrow-beam tube Pair of Helmholtz coils}
}

@book{Giancoli,
  author = {Giancoli, Douglas C.},
  editor = {},
  publisher = {Pearson},
  title = {Physics for Scientists and Engineers with Modern Physics},
  year = {2014}
}

@misc{masscharge,
  author = "Wikipedia",
  title = "{Mass-to-charge ratio} --- {W}ikipedia{,} The Free Encyclopedia",
  year = "2024",
  howpublished = {\url{http://en.wikipedia.org/w/index.php?title=Mass-to-charge\%20ratio&oldid=1250289175}}
}

@misc{schematic,
  author = {Ludwig Maximilian University of Munich},
  howpublished = {\url{https://www.physik.uni-muenchen.de/lehre/vorlesungen/wise_20_21/ExpPhys1/ExpPhys1_WS2021_2022.pdf}},
  title = {Electron motion in the magnetic field of Helmholtz coils},
  year = {2024}
}