@manual{PHYWE,
  author = {PHYWE},
  title = {Narrow-beam tube Pair of Helmholtz coils}
}

@book{Giancoli,
  author = {Giancoli, Douglas C.},
  editor = {},
  publisher = {Pearson},
  title = {Physics for Scientists and Engineers with Modern Physics},
  year = {2014}
}

@misc{masscharge,
  author = "Wikipedia",
  title = "{Mass-to-charge ratio} --- {W}ikipedia{,} The Free Encyclopedia",
  year = "2024",
  howpublished = {\url{http://en.wikipedia.org/w/index.php?title=Mass-to-charge\%20ratio&oldid=1250289175}}
}